2610 5266
189 388 240 481 46

516 389 558 459 Τ.
583 332 802 460 LUGRETII
827 390 938 462 CARI

237 515 395 588 Forsitan
410 527 445 583 et
463 537 558 584 rosea
574 497 624 583 sol
641 511 709 583 alte
725 511 880 609 lampade
897 513 1014 584 lucens

189 628 362 702 Possideat
381 624 526 697 multum
545 626 640 695 caecis
662 625 850 696 fervoribus
869 627 981 722 ignem

191 744 329 813 Circum
347 765 400 827 se,
422 736 516 808 nullo
534 739 594 833 qui
609 734 655 808 'sit
670 736 804 833 fulgore
825 753 974 827 notatus,

189 852 336 944 AEstifer,
358 853 393 921 iu
413 864 544 921 tantum
562 848 737 918 radiorum
759 866 921 946 exaugeat
937 852 1054 922 ictum.

236 968 308 1037 Nec
324 964 410 1032 ratio
426 958 504 1031 solis
521 958 663 1056 simplex
679 985 720 1031 ae
739 978 831 1032 reeta
849 965 1006 1058 patescit,

188 1081 267 1170 Quo
285 1088 384 1171 pacto
403 1072 523 1142 aestivis
542 1097 561 1140 e
580 1072 734 1168 partibus
751 1076 959 1169 AEgocerotis
1037 1132 1040 1137 ,

187 1185 372 1263 Brumaleis
392 1183 489 1254 adeat
509 1184 615 1255 flexus
628 1209 638 1272 3
652 1198 772 1280 etque,
792 1186 1079 1278 inderevertens,
1226 1213 1260 1254 ns

188 1298 346 1372 Canceris
366 1311 405 1365 ut
425 1309 540 1365 vortat
557 1310 664 1365 metas
679 1296 721 1365 ad
739 1296 964 1369 solstitialeis:

186 1413 354 1504 Lunaque
374 1405 545 1476 mensibus
562 1406 597 1475 id
614 1409 761 1503 spatium
782 1410 936 1481 videatur
951 1412 1058 1501 obire,

188 1523 313 1592 Annua
330 1517 379 1589 sol
394 1518 431 1587 in
446 1542 515 1613 quo
531 1519 703 1588 consumit
723 1534 876 1616 tempora
894 1547 1019 1593 cursu:

189 1636 280 1714 Nun,
294 1634 443 1725 inquam,
462 1627 602 1724 simplex
617 1629 688 1699 heis
703 1631 803 1701 rebus
816 1632 948 1703 reddita
964 1658 1065 1703 causa
1081 1647 1142 1704 est.

237 1748 327 1816 Nam
343 1741 435 1830 fieri,
457 1738 510 1812 vel
530 1741 760 1836 cumprimis,
775 1743 809 1812 id
828 1769 924 1840 posse
942 1744 1087 1834 videtur,
1221 1763 1259 1830 ,συ

187 1869 261 1931 magis
274 1867 426 1928 exquisitum,
438 1870 479 1914 aut
492 1866 565 1925 magis
580 1866 702 1917 Lucretia·

186 1963 241 1996 uum
255 1944 367 2004 denique:
384 1941 488 1990 conseras
502 1940 546 2000 lv,
560 1943 617 1991 216.
629 1941 701 1997 Wak.

219 2023 276 2083 609.
289 2016 411 2073 Forsitan,
424 2020 586 2078 stresen,etc.
595 2017 700 2067 Tertiam

183 2097 294 2147 rationem
308 2094 388 2143 affert.

217 2176 274 2221 διο.
296 2169 430 2218 Possideat.
454 2165 538 2228 Suppl.
560 2165 607 2215 Est
628 2171 699 2219 etiem

90 2229 94 2234 ⁵
131 2301 134 2306 Α
181 2246 499 2312 quoque,nt:ss.6oi.—-
511 2242 697 2307 Cannidest,

180 2325 302 2383 obscuris,
319 2337 379 2384 quos
400 2336 445 2368 non
467 2317 528 2367 oeuli
547 2320 697 2383 confingam

181 2401 235 2459 sel,
248 2405 276 2448 nt
285 2399 336 2460 ipse
347 2397 424 2445 Oanis
438 2392 559 2442 confestim
571 2397 697 2458 explicuit,

181 2477 223 2537 qni
233 2481 289 2524 sunt
304 2471 433 2534 fulgoribus
445 2469 567 2528 destituti,
587 2477 611 2520 et
621 2472 646 2521 iu
663 2471 699 2521 ef·

181 2551 280 2602 franbus
291 2549 365 2597 solum
374 2547 513 2595 sentiuntur.
530 2542 599 2595 wat.

216 2629 274 2675 611.
292 2623 366 2674 Nullo
380 2624 422 2684 qsss'
438 2621 471 2669 sit
483 2619 578 2682 sulpure
589 2629 695 2683 ssatatsss,

182 2703 233 2767 (sed
243 2703 293 2766 qui)
302 2700 417 2759 AEstiier,
429 2703 474 2746 etc.
487 2695 534 2755 Qui
543 2715 588 2748 non
601 2700 697 2761 fulgeat,

182 2792 257 2837 nsque
270 2775 321 2824 ideo
333 2780 453 2831 censatum
472 2771 514 2820 sed
527 2780 602 2822 tanim
616 2784 698 2824 testum

183 2853 289 2910 emittat,
305 2855 329 2899 et
344 2849 400 2898 salis
415 2844 531 2898 radiorum
543 2851 587 2897 sira
603 2850 629 2896 iss
644 2855 699 2898 tass-

184 2935 235 2975 tam
243 2962 250 2985 ,
267 2932 313 2974 um
327 2925 415 2986 valide,
430 2930 477 2971 tnsn
492 2926 576 2973 acriter
586 2924 700 2972 innutriat

184 3009 207 3053 et
220 3008 311 3063 augeat.
325 3001 410 3061 virgil.
427 3000 483 3049 AEu.
493 3001 530 3050 VI
540 3037 547 3060 ,
558 3003 604 3061 877
620 3017 627 3047 s
644 3022 656 3043 α
667 2999 699 3048 In

183 3086 277 3128 tantam
286 3093 329 3138 spe
340 3076 404 3124 tollet
411 3092 466 3124 asos
477 3100 497 3123 n.
510 3077 559 3124 En.

215 3156 274 3203 6¹3.
283 3154 339 3200 It'sx
350 3152 413 3198 ratio
424 3150 534 3211 simplex.
548 3151 593 3198 His
605 3151 636 3198 36
648 3167 696 3200 sas.

181 3247 234 3292 sqq.
242 3229 325 3291 quassit
335 3229 459 3276 Lueretius
467 3244 473 3274 s
482 3243 524 3275 cnr
531 3227 565 3274 sol
574 3225 699 3275 dedectens

182 3325 197 3355 a
210 3305 311 3354 solstitio
328 3303 410 3350 oestiso
429 3299 532 3350 deflectit
549 3301 579 3348 ud
593 3302 698 3350 mamam

181 3380 336 3442 capricorni:
353 3383 377 3426 et
387 3383 477 3425 eontra.
491 3375 581 3424 Deinde
593 3393 634 3424 cur
642 3376 697 3425 lima

748 1867 951 1929 -AEpoeeratis
969 1869 1095 1930 AEgoeeras
1113 1871 1204 1929 signnm
1227 1871 1258 1917 est

748 1942 857 2004 ooeleste,
874 1943 938 2005 quod
958 1944 1051 1992 Latinis
1075 1944 1161 1992 dieitur
1180 1943 1258 2004 Capri·

749 2032 846 2080 emaus,
859 2018 919 2081 quod
932 2018 997 2068 sidus
1007 2020 1041 2068 sol
1051 2019 1182 2080 ingrediens
1191 2018 1258 2067 efficit

749 2090 866 2154 mamam,
879 2110 920 2142 seu
932 2094 1036 2142 mumulo
1045 2094 1178 2143 solstitium.
1191 2091 1221 2142 F.
1230 2119 1259 2130 -·

746 2166 834 2216 Lucan.
861 2169 913 2227 lx,
936 2171 1000 2232 537;
1023 2171 1062 2230 X,
1090 2172 1151 2229 2133
1179 2170 1257 2219 Senes.

746 2244 844 2304 Thyest.
858 2246 916 2292 865.

780 2306 1004 2369 615.'Brssmaleis
1018 2322 1106 2381 fleam.
1126 2322 1256 2370 Tralstios

746 2396 1047 2458 acruminibusotynptcis;
1057 2395 1173 2456 siguificat
1182 2404 1256 2444 nutem

747 2470 771 2519 id
782 2470 844 2532 quod
856 2472 938 2533 vulgus
952 2472 1078 2521 solstitium
1095 2471 1200 2521 brumale
1218 2488 1258 2534 ap·

748 2547 827 2608 pellat.
845 2547 932 2597 Moab.

752 2624 757 2633 '
780 2625 839 2674 616.
855 2622 983 2682 Cancers's,·
998 2641 1013 2671 a
1025 2630 1088 2673 recto
1099 2624 1193 2672 Cancer
1206 2641 1258 2673 nen·

747 2701 807 2749 trius
815 2701 919 2760 generis:
933 2701 1103 2749 ridePriseisu.
1114 2701 1165 2763 vt,
1175 2716 1198 2761 p.
1205 2703 1259 2762 697.

747 2803 781 2813 -
795 2774 884 2824 Vertat.
899 2775 1021 2825 Editiones
1038 2777 1153 2825 nonnullas
1175 2781 1261 2838 panum

748 2866 774 2898 se
783 2855 838 2912 ‘post
850 2858 938 2908 metam
948 2852 1066 2914 audacter,
1078 2859 1102 2900 et
1116 2853 1205 2901 inscite.
1218 2851 1261 2901 Sed

746 2929 808 2976 euim
819 2928 849 2976 de
863 2929 906 2977 boe
918 2945 1000 2989 genere
1008 2931 1141 2991 verborum,
1157 2929 1261 2977 absolute

747 3005 882 3065 positorum,
895 3005 981 3065 sapius
987 3007 1035 3066 jam
1042 3005 1150 3053 diximus.
1160 3006 1223 3052 Vide
1233 3003 1261 3052 ad

748 3079 791 3139 lv,
804 3081 859 3129 136.
873 3080 1034 3129 Confitendum
1043 3087 1079 3129 est
1088 3083 1184 3139 interea,
1195 3095 1261 3128 voees

747 3163 865 3203 reuertens
879 3163 903 3205 et
916 3163 994 3204 uertat
1009 3158 1044 3205 sic
1058 3159 1133 3205 minus
1145 3157 1261 3217 eleganter

745 3234 837 3280 contexi
847 3239 935 3292 tamen,
949 3240 1021 3295 atque
1034 3234 1130 3283 auribus
1144 3234 1260 3282 lentorum

745 3306 861 3355 bominum
881 3309 1036 3369 compungatis
1056 3309 1175 3355 insuavius
1197 3310 1260 3356 scci-

745 3382 806 3430 dere.
818 3383 888 3431 Forte
904 3385 1049 3445 imposuerit
1065 3383 1207 3432 Lueretius:
1221 3401 1261 3432 oe·

181 3458 278 3518 surgatis
286 3455 406 3504 mensibus
414 3454 506 3514 peragit
515 3454 625 3513 spatium,
634 3452 696 3513 qnod
706 3506 709 3512 Δ
744 3460 804 3508 aiat.
817 3459 972 3508 W.—Motas
981 3459 1128 3516 solstitiales,
1136 3461 1261 3509 solstitium

180 3533 272 3584 nonnisi
283 3529 381 3591 singulis
389 3528 455 3577 aunis
469 3529 582 3589 percurrit
594 3528 636 3576 sol.
648 3529 697 3577 (lu-
744 3535 860 3582 aestivum,

176 3611 217 3673 jus
225 3610 347 3667 utriusque
357 3605 390 3653 rei
402 3620 448 3652 nou
457 3619 526 3651 unam
534 3619 561 3651 se
570 3603 696 3664 simplicem

179 3700 273 3735 eausam
284 3681 364 3731 afferri
377 3696 446 3742 posse
463 3680 511 3738 ait,
528 3678 568 3725 sed
586 3679 697 3740 multiple

778 3602 836 3663 617.
849 3599 987 3658 Measihsm
1005 3602 1102 3662 siugulis
1112 3603 1210 3652 scilicet.

778 3677 834 3725 620.
858 3679 923 3724 Nam
938 3679 1010 3737 fieri,
1028 3684 1074 3726 ete.
1095 3678 1142 3725 His
1158 3684 1187 3727 ιδ
1211 3696 1256 3728 sss.

97 3773 104 3788 t
176 3757 278 3810 ΜΡ.
291 3754 397 3803 -Vide
411 3753 695 3814 etiaminDisq.var.--
743 3751 873 3799 continetur
892 3753 1019 3800 Democriti
1039 3752 1165 3802 sententia.
1178 3781 1211 3790 -
1227 3753 1260 3801 Et

177 3836 288 3886 Poteseit
302 3849 310 3880 s
324 3838 436 3892 otperto
451 3830 555 3891 scilieet,
570 3830 709 3891 perquam
743 3831 846 3874 veterum
871 3825 1058 3887 pbilosophorum
1083 3828 1203 3888 opiniones
1233 3828 1261 3875 da

177 3917 242 3961 reeta
261 3907 340 3971 possis
363 3904 465 3966 ingredi,
484 3903 514 3952 ad
530 3904 692 3965 salutandam,
741 3902 926 3950 conversionibus
952 3903 1009 3951 solis
1029 3904 1125 3961 videas,
1146 3905 1167 3952 si
1188 3906 1260 3954 libeat

178 3993 249 4048 atque
265 3981 447 4046 amplectendam
466 3981 488 4028 in
504 3978 558 4029 fsuu
576 3997 619 4031 saa
635 3980 694 4030 deli·
741 3982 867 4038 tenetque,
885 3977 948 4038 apud
964 3979 1130 4039 Plutarchum,
1143 3979 1172 4027 de
1193 3981 1259 4030 Piae.

178 4069 304 4118 tuentem
313 4060 453 4109 Veritatem.
471 4056 542 4108 Wak.

741 4053 804 4106 Pau
813 4052 851 4113 11,
864 4058 888 4101 et
897 4054 930 4101 D.
944 4054 1081 4114 Laertium,
1094 4055 1133 4113 X,
1146 4057 1189 4118 93,
1200 4073 1260 4118 quos

210 4143 274 4199 ‘stc
287 4134 426 4198 Pertihts
441 4132 707 4189 uiuum..
741 4129 1045 4194 tusuumustnnttsstn
1052 4131 1260 4194 asscriptusdsss.
