2610 5266
188 309 238 402 ³4

515 314 556 383 r.
582 270 937 385 nnossnrosm

183 439 299 509 Aurea
318 461 423 532 quom
443 438 592 533 primum
610 437 829 534 gemmanteis
846 460 924 507 rore
942 459 1003 533 per
1022 434 1161 518 herbas

181 549 354 621 Matutino
371 549 494 618 rubent
511 548 635 621 radiati
655 544 784 617 lumina
803 544 899 635 solis3

182 657 418 754 Exlmlantque
435 659 527 729 lacus
545 655 705 729 nebulam
726 657 908 753 fluvieique
925 684 1120 754 perennes;

180 772 325 864 Ipsoque
343 784 377 839 et
394 770 566 841 interdum
586 766 688 839 tellus
708 758 838 839 fumare
861 768 1010 853 ridetur:
1152 859 1157 867 Ι
1240 799 1269 849 t·

180 880 305 949 Omnia
321 905 413 974 que,
427 905 562 950 sursum
583 903 689 974 quom
706 878 933 950 conciliantur
950 882 986 952 in
1003 880 1098 975 alto,

160 991 333 1085 ,Corpore
351 1005 512 1061 concreto
533 990 718 1059 subtexunt
740 991 856 1062 nubila
875 991 1021 1065 coelum:

179 1105 237 1175 sic
254 1103 360 1197 igitur
377 1118 450 1173 tum
469 1129 505 1173 sc
525 1100 606 1172 levis
627 1127 665 1171 ac
684 1100 838 1173 diffusilis
854 1106 969 1195 aether,

179 1215 334 1307 Corpore
352 1227 512 1283 concreto
530 1211 760 1283 circumdatus
775 1215 944 1311 undique,
962 1218 1096 1315 saepsit;

177 1325 225 1395 Et
243 1321 310 1392 lete
326 1322 471 1394 diffusus
490 1325 525 1393 in
545 1325 675 1393 omneis
694 1324 843 1423 undique
863 1331 1006 1424 parteis,

177 1436 305 1505 Omnia
324 1437 372 1506 sic
389 1435 492 1506 avido
512 1435 689 1532 complexu
709 1451 819 1507 cetera
835 1443 958 1536 saepsit.

226 1551 326 1618 Hunc
343 1547 480 1617 exordia
497 1563 578 1619 sunt
595 1545 675 1618 solis
691 1545 845 1647 luneque
861 1567 1022 1648 sequuta,
1039 1568 1075 1625 et

173 1660 268 1730 Inter
291 1673 451 1754 utrasque
470 1658 584 1755 globei
604 1685 754 1754 quorum
773 1676 958 1734 vortuntur
979 1666 1152 1759 inauris,

211 1823 444 1878 condemnasset·
461 1840 521 1873 rore.
540 1824 623 1882 stell,
637 1825 696 1887 319,

175 1897 217 1951 Sic
235 1898 319 1949 Marii.
335 1899 367 1958 V,
382 1900 448 1948 2562
462 1899 520 1948 «tlte
537 1899 598 1947 colet
619 1898 700 1946 nitidis·

175 1979 327 2038 gemmantem
338 1973 434 2022 floribus
448 1973 569 2021 hortum».
584 1971 615 2021 F.

208 2051 267 2105 sos.
278 2045 383 2098 Badiats'
389 2048 454 2097 solis.
465 2049 486 2099 l.
496 2064 517 2096 e.
522 2047 558 2096 rel
568 2064 594 2096 se
604 2047 700 2095 radian-

171 2124 204 2173 cis
210 2129 234 2172 et
242 2126 369 2175 emittentis
378 2126 459 2174 radios
465 2126 491 2189 (i.
500 2142 520 2174 e.
527 2126 605 2187 virque
612 2124 681 2188 tucis)
690 2141 697 2184 ;

173 2199 224 2266 rel,
248 2219 320 2264 quum
343 2204 467 2264 scriptores
500 2202 633 2264 probissimi
652 2206 698 2249 tam

175 2279 253 2328 wtirs
262 2277 326 2325 verbi
336 2275 418 2338 formo,
428 2294 500 2338 quam
511 2279 617 2338 passive,
630 2276 698 2325 indis·

174 2351 275 2403 tersum
286 2353 323 2401 usi
333 2353 391 2411 siut,
403 2354 480 2401 radiis
489 2352 609 2400 instructi.
621 2351 696 2402 wat.

209 2428 268 2484 464.
289 2426 464 2489 Exhalurrtque
486 2416 562 2475 luctisx
576 2426 696 2476 nebulam.

172 2503 218 2557 Sic
229 2520 263 2552 rs.
274 2502 331 2561 254.
346 2505 387 2553 Sic
399 2506 466 2566 Virg.
480 2504 567 2564 Georg.
583 2502 618 2564 ll,
630 2519 695 2562 217:

174 2579 256 2636 «Ques
265 2582 341 2626 temen
350 2579 445 2627 exhalat
459 2579 566 2628 nebulam
576 2576 697 2643 fumosque

174 2653 280 2702 volucres
287 2677 307 2702 ι».
315 2653 449 2703 -Flueiei
458 2652 610 2716 perennenl.
618 2668 638 2701 e.
647 2653 696 2701 suis

178 2729 284 2779 sontibus
295 2730 452 2779 indesinenter
463 2730 618 2792 profluentem
635 2745 695 2790 non,

175 2805 259 2856 subitis
274 2805 385 2856 imbribus
401 2808 489 2867 creati,
504 2807 553 2854 eisc
570 2803 696 2875 χείμαρῥοι

172 2879 287 2951 ποταμοί.
302 2879 517 2932 Wak-—Ceterum
530 2884 570 2943 qui
582 2883 699 2944 hicslues'i

173 2976 300 3024 perennes,
316 2958 345 3006 sd
364 2958 393 3020 1,
407 2960 466 3022 231,
488 2964 578 3006 eterne
591 2958 696 3019 flandria

173 3038 323 3086 vocabantur.
333 3031 407 3082 Forb.

208 3113 265 3169 465,
282 3108 387 3170 Ipsaque
400 3115 431 3157 et.
446 3113 465 3158 l.
478 3125 500 3157 e.
516 3109 613 3171 ipseque
627 3111 695 3162 tellus

176 3190 246 3238 ctiam
263 3185 386 3234 interdum.
399 3212 433 3221 -
446 3185 498 3234 Nos
511 3200 565 3234 reso
579 3187 613 3234 sic
628 3204 695 3249 repo-

175 3266 264 3316 suimus
279 3278 307 3310 ex
324 3264 457 3323 conjectura
468 3279 475 3324 ;
487 3277 540 3310 nam
551 3262 575 3310 in
588 3265 695 3315 omnibus

174 3343 274 3391 vetustis
283 3339 453 3400 exemplaribus
462 3338 575 3398 scriptum
583 3343 619 3386 est
627 3338 696 3400 Ipsa·

172 3433 218 3479 que
227 3422 254 3464 ut
266 3410 406 3471 ...oideleri-
419 3420 499 3461 contra
507 3413 597 3475 justam
609 3414 694 3476 lingum

174 3493 378 3543 constructionem.
388 3491 447 3539 Pius
456 3490 545 3550 primus
553 3488 627 3551 dedit,
632 3491 693 3540 houd

157 3610 162 3619 .
172 3568 244 3618 dubie
256 3556 284 3616 e'x
293 3564 462 3628 ingenioprsa
471 3579 563 3626 quoquc
575 3581 585 3613 :
598 3566 640 3615 sed
651 3584 694 3618 au·

174 3643 265 3695 dacius.
283 3639 351 3691 Wat.

206 3721 265 3778 466.
279 3716 450 3785 Conciliantur.
460 3714 479 3764 l.
489 3732 511 3765 e.
521 3716 546 3766 in
558 3717 691 3783 concilium,

171 3794 208 3846 tel
229 3799 331 3856 costum,
358 3798 544 3853 congregantur:
559 3795 691 3844 committes

171 3878 249 3922 sotem
261 3868 329 3918 velim
342 3871 367 3927 1,
383 3868 439 3931 184,
449 3867 507 3930 485,
520 3874 544 3917 et
556 3868 621 3920 locos
634 3886 690 3919 con·

169 3947 257 4000 similos
270 3947 329 3994 bene
341 3943 433 3995 multos.
453 3942 494 3993 sic
503 3943 571 4007 Virq.
582 3944 637 4000 AEu.
650 3945 688 4007 X,

174 4024 229 4077 151.
244 4017 317 4076 Wak,

781 1827 838 1882 468.
865 1826 991 1892 Drffuilc's
1012 1825 1108 1888 athen
1140 1837 1173 1882 nt
1194 1835 1263 1885 Μ’·

747 1899 858 1959 diffusus.
866 1903 887 1952 1.
897 1920 917 1952 e.
926 1904 993 1965 cujus
1000 1903 1103 1964 quatiens
1111 1915 1154 1956 est
1162 1909 1262 1960 disfssiu

747 1977 855 2097 pappum
867 1995 937 2040 quum
955 1981 986 2028 sit
998 1979 1093 2040 fluidus
1106 1982 1262 2049 liquidnsqm.

783 2051 821 2099 sk.

780 2129 837 2199 ttip.
854 2128 956 2190 Corpore
968 2136 1074 2180 concreto
1081 2151 1094 2191 ;
1111 2151 1191 2196 quum
1204 2140 1263 2201 pln-

746 2201 784 2249 sin
792 2219 836 2251 vox
844 2203 914 2252 Ennii
926 2206 1050 2267 singularis
1058 2210 1154 2270 optime
1166 2215 1263 2266 deeim-

745 2274 796 2338 bit,
815 2277 896 2339 fragm.
909 2295 933 2340 p.
952 2282 1014 2341 187:
1035 2303 1048 2322 α
1059 2282 1161 2342 pilutus
1181 2292 1263 2341 asbus

746 2365 829 2413 oros»,
847 2355 863 2402 i.
883 2372 903 2404 e.
917 2356 987 2404 moles
1000 2364 1142 2421 concretos,
1156 2365 1263 2425 globulis

745 2429 850 2478 coalitus.
870 2435 900 2479 Se
924 2432 1012 2491 serpsit.
1030 2430 1051 2480 I.
1065 2447 1086 2480 e.
1109 2451 1137 2484 se
1160 2441 1264 2501 saturo.

744 2508 769 2550 et
792 2507 907 2573 coercuit3
936 2523 988 2554 cnm
1018 2507 1105 2566 quibus
1138 2528 1264 2580 compones

744 2579 837 2642 omnino
846 2582 912 2630 selim
923 2581 1064 2631 Manilianos
1074 2600 1161 2637 rmus
1174 2590 1206 2653 1,
1227 2603 1266 2661 stq

746 2671 797 2715 sqq.
814 2655 886 2706 Wak.

779 2741 837 2790 tyr.
860 2733 932 2781 Arido
952 2733 1096 2794 corrrplexuf
1116 2738 1186 2793 ulnis
1205 2746 1266 2809 qnasi

743 2805 839 2866 liquidis
859 2810 965 2857 universa
992 2809 1069 2858 voleus
1086 2817 1216 2881 arripere,
1237 2839 1261 2872 a

743 2882 933 2942 comprehendere
946 2883 1118 2936 :consessore
1140 2907 1192 2941 202
1206 2913 1214 2959 ;
1228 2898 1252 2947 ll
1258 2934 1266 2961 ‚

746 2960 819 3005 sotitt.
846 2956 915 3008 Wnk.

778 3039 835 3094 tyn.
864 3033 945 3082 Hune.
971 3035 1063 3097 Nempe
1080 3039 1188 3106 rothem
1205 3048 1230 3097 b.
1247 3066 1265 3099 e

744 3107 836 3156 coelum.
853 3109 965 3158 —Solis
984 3112 1099 3173 luneque.
1123 3118 1265 3174 Sammaei„

743 3182 834 3233 locutus
842 3191 878 3234 est
887 3186 992 3247 poeto,in
1000 3188 1075 3237 suimo
1085 3190 1180 3245 babens
1189 3202 1265 3250 siden

743 3276 834 3322 qnoque
844 3263 1041 3324 comprehendere,
1055 3266 1116 3314 inter
1132 3276 1229 3326 rrrultoc
1239 3279 1265 3328 il·

742 3335 778 3386 los
797 3339 862 3399 iquos
887 3340 990 3398 scilicet,
1005 3344 1063 3400 quos
1085 3345 1164 3396 lether
1187 3370 1266 3404 mm

742 3415 869 3463 sustulerat
879 3452 886 3475 ‚
896 3415 925 3463 ud
936 3432 970 3464 rs.
986 3419 1041 3474 roo.
1060 3415 1132 3470 unt.

776 3493 833 3549 473.
848 3490 917 3540 Inter
931 3498 1050 3553 utrmque.
1062 3493 1091 3541 P.
1105 3513 1180 3557 quem
1194 3506 1265 3557 editio

740 3564 837 3615 Juntine
852 3574 932 3616 secuto
943 3573 979 3615 est
992 3568 1116 3631 hactenus,
1128 3582 1264 3645 utrosque,-

739 3657 769 3690 ex
780 3642 863 3692 sudaei
877 3645 944 3692 nimis
959 3645 1037 3692 insciti
1050 3647 1214 3706 emendstoris
1229 3665 1264 3710 te·

739 3719 852 3767 meritste.
862 3719 993 3779 Nimirum,
1007 3720 1034 3770 τὸ
1044 3726 1161 3791 utrosque
1174 3733 1213 3782 rel
1222 3752 1263 3797 ge·

739 3794 840 3842 nernlius
856 3811 938 3844 nomen
951 3799 1046 3860 respicit
1061 3799 1117 3847 solis
1134 3810 1162 3853 et
1175 3806 1263 3872 lunae,

738 3867 822 3917 stellas
835 3870 937 3929 scilicet,
947 3872 976 3920 de
989 3890 1035 3934 qua
1047 3874 1148 3925 sormuln
1167 3897 1214 3933 nos
1229 3887 1265 3936 in.

739 3945 865 4007 spicinsad
879 3946 900 4007 l,
911 3947 971 4008 3533
984 3952 1015 4009 11,
1031 3960 1087 4012 174,
1101 3952 1146 4011 rel,
1163 3973 1195 4006 ex
1206 3977 1265 4011 con.

738 4018 860 4070 suetudine
867 4018 981 4088 Lucretii,
995 4023 1025 4074 sd
1037 4041 1110 4087 genus
1118 4036 1264 4090 posterioris
