2610 5266
122 39 1256 415 u

803 420 807 433 Ι

746 486 750 497 e

266 875 330 945 DE
345 868 516 946 *RERUM
539 872 730 946 NATURA
752 873 841 945 LlB.
860 873 905 942 V.
1076 867 1122 948 25

122 1027 169 1070 rm
187 999 339 1071 nativum
355 997 489 1069 mortali
505 1023 648 1093 corpore
663 1011 806 1069 constet.
837 989 839 1001 '

121 1142 151 1199 1,
171 1111 437 1210 quodquomque
455 1108 537 1179 alias
558 1135 598 1179 ex
616 1134 651 1179 se
671 1133 724 1178 res
741 1123 847 1212 auget
863 1106 1012 1205 alitque,

122 1230 206 1300 rinui
228 1229 345 1316 debet3
364 1228 527 1314 recreari,
545 1250 648 1322 quoni
666 1227 786 1322 recipit
802 1252 865 1298 res.

122 1356 273 1428 raeteren,
296 1341 322 1410 si
343 1337 437 1410 nulla
454 1338 519 1408 tuit
537 1335 699 1433 genitalis
713 1339 811 1433 origo
900 1403 903 1409 .

122 1478 224 1524 ’arum
242 1465 277 1522 et
294 1449 385 1536 meli,
400 1473 602 1545 semperque
618 1465 743 1520 aeterna
761 1449 875 1538 fuere,

122 1590 144 1634 r
159 1588 261 1660 supra
280 1561 408 1632 bellum
425 1561 626 1631 Thebanum
645 1575 680 1631 et
697 1561 816 1632 funera
834 1561 944 1657 Trojae

140 1673 220 1744 alias
237 1672 314 1744 aliei
332 1696 471 1768 quoque
484 1697 538 1741 res
554 1673 707 1742 cecinero
725 1671 854 1768 postte?

122 1824 124 1842 ν
140 1799 191 1854 tot
209 1784 296 1854 facta
315 1783 428 1852 viruni
446 1783 570 1852 totiens
591 1782 760 1872 cecidere3
775 1810 884 1880 neque
901 1809 1059 1880 usquam,

122 1897 206 1966 rneis
226 1896 322 1966 farnae
340 1895 577 1965 rnonimenteis
594 1895 714 1984 insita,
732 1893 878 1966 florent?
1085 1918 1126 1961 ss·

122 2013 235 2096 eruin,
253 2023 291 2078 ut
304 2008 438 2103 opinor,
452 2007 555 2077 habet
572 2009 758 2079 novitatem
774 2035 906 2080 summa
920 2032 1104 2105 recensque

122 2146 176 2229 rra
195 2118 315 2191 mundi
332 2135 400 2209 cst;
416 2143 526 2214 neque
546 2112 679 2215 pridem
698 2122 834 2192 exordia
850 2124 950 2237 cepit.

122 2257 163 2302 re
178 2234 280 2302 etiarn
296 2230 452 2327 quaedam
468 2254 561 2301 nunc
577 2246 665 2301 nrtes
681 2231 912 2328 expoliuntur,

122 2370 146 2414 ic
161 2347 263 2415 etiam
280 2357 465 2440 augescunt
483 2369 491 2413 :
508 2368 601 2412 nunc
620 2343 734 2413 addita
754 2345 915 2439 narigieis
934 2358 1016 2415 sunt

122 2487 150 2537 nd
158 2485 323 2537 Verronemde
330 2487 386 2549 ling.
396 2486 451 2537 Las
461 2486 494 2548 V,
504 2487 529 2546 ³,
543 2492 567 2536 et
616 2503 664 2536 rss.
675 2487 806 2536 continetur
817 2487 880 2536 eliud
892 2464 1131 2550 argumentumquorl

122 2562 149 2613 ill.
158 2564 197 2614 De
205 2563 277 2612 disin.
288 2564 309 2625 1,
319 2563 359 2624 57.
370 2564 412 2614 W.

122 2635 561 2698 ..necromantici-‚recrescentem

122 2715 134 2764 i.
144 2719 273 2771 Praeteree,
284 2713 449 2774 einnllosus't,
461 2718 507 2762 etc.
517 2713 563 2760 His

136 2790 201 2839 eliud
218 2790 308 2852 prosert
322 2794 497 2851 argumentum,
516 2804 564 2849 qno

122 2880 142 2914 re
158 2870 255 2914 mnutur
269 2865 352 2914 coetnrn
367 2870 391 2913 et
405 2870 504 2921 terrem,
520 2863 564 2913 hoc

122 2939 204 2989 undum
210 2940 294 3001 ipsum,
303 2956 348 2988 non
353 2940 385 2989 eb
390 2945 476 2988 esterno
483 2939 563 2990 luisse.

122 3017 196 3079 enim,
214 3017 305 3077 inquit,
322 3033 363 3065 cnr
378 3022 451 3078 poetis
464 3016 503 3064 elii
517 3031 563 3064 non

123 3090 213 3141 duliud
229 3091 313 3140 bellurn
325 3093 427 3140 cecinere
444 3097 500 3139 ente
515 3089 563 3138 bel·

122 3167 243 3217 'hebenum
260 3172 302 3215 ent
318 3165 466 3228 'l'rojsnuns‘l
480 3166 564 3226 Neque

122 3243 214 3293 eredere
230 3241 266 3291 las
280 3248 317 3291 est
333 3242 383 3291 inec
399 3242 473 3302 primu
489 3241 563 3289 exsti·

122 3319 199 3377 belle,
224 3323 266 3367 snt
287 3334 332 3367 non
358 3319 417 3367 elios
443 3317 563 3366 exstitisse

122 3412 140 3458 r,
156 3395 196 3456 qui
208 3393 254 3442 elie
266 3394 399 3443 cecinerint.
419 3395 473 3454 Quo
489 3394 562 3454 igitur

122 3474 176 3518 runt
190 3469 230 3518 ille
247 3469 325 3530 priore
338 3469 436 3516 virorum
452 3468 563 3530 preeclnre

122 3545 126 3570 l
139 3544 228 3594 Eodem
240 3549 377 3605 argumento
386 3545 460 3593 utitur
469 3524 561 3593 ltlncro·

122 3639 138 3671 n
153 3621 233 3671 Somn.
252 3622 317 3682 Scip.
335 3620 374 3678 11,
400 3638 427 3669 so
450 3620 562 3672 adversus

122 3698 295 3746 ,eternitatem
306 3694 338 3746 F.

122 3776 136 3821 t.
151 3770 214 3821 Alies'
236 3789 327 3833 quoqne
345 3777 421 3833 poete
430 3789 440 3829 ,·
459 3771 562 3822 Homero

122 3853 143 3910 t,
154 3847 311 3908 AE'schyloqne
318 3848 464 3896 uetustiores.
476 3848 510 3896 W
509 3846 548 3896 ok.

122 3943 137 3985 ῃ.
154 3923 204 3980 Quo
213 3928 248 3970 tot
254 3924 325 3982 sacta
335 3922 446 3971 cecidere.
463 3925 484 3971 1.
499 3939 520 3970 e·
537 3923 561 3971 in

122 3996 268 4052 terestrem,
282 3996 386 4046 demersa
395 4004 419 4046 et
428 3998 511 4046 obruto
520 4014 562 4060 pe-

122 4111 128 4138 ,
145 4071 312 4133 weidernnt?
328 4073 427 4121 Diversa
444 4078 481 4122 est
500 4074 563 4135 ejus·

122 4149 226 4212 phraseos
248 4149 383 4210 translatio,
402 4149 432 4196 sb
452 4147 562 4196 alearum

123 4225 225 4284 scilieet,
235 4224 280 4274 nisi
293 4223 368 4286 snllor,
379 4224 402 4271 in
413 4224 496 4284 Virgil.
505 4223 561 4273 AEn.

123 4318 155 4366 9:
164 4323 177 4343 κ
188 4301 239 4358 Quo
246 4316 284 4348 res
294 4315 392 4359 cumque
401 4300 486 4347 cedent
493 4323 514 4348 ι».
522 4303 561 4350 W.

122 4392 137 4426 r.
155 4374 236 4423 Insita
245 4374 341 4434 flerem.
359 4373 459 4423 Pulchre
478 4375 563 4422 meher-

122 4454 182 4514 ignrn
197 4457 245 4509 est,
260 4449 291 4497 nb
300 4448 410 4497 nrbmnm
425 4449 491 4497 cultu
502 4451 562 4498 insi·

122 4527 210 4575 ueniter
219 4526 299 4585 petite.
308 4523 378 4575 irak.

122 4619 139 4652 1.
162 4601 257 4664 Verrem,
276 4607 304 4649 nt
314 4601 406 4662 opinor.
424 4605 470 4652 ete.
485 4600 561 4651 ttius

616 2564 696 2626 potins
705 2579 843 2625 responsum
850 2571 887 2614 est
893 2564 923 2613 sd
933 2563 1131 2626 superioremper·

616 2645 796 2693 cuncutionem.
811 2642 887 2702 Quasi
896 2640 997 2690 diceret:
1007 2640 1040 2689 nil
1049 2639 1132 2688 mirum

616 2717 637 2766 si
650 2734 716 2768 noros
725 2719 773 2767 sint
784 2727 853 2770 ortes.
865 2717 886 2765 si
896 2720 1000 2765 recenter
1011 2715 1132 2776 expoliun-

616 2799 663 2852 tur,
673 2812 695 2844 ν.
706 2811 728 2857 g.
738 2794 867 2854 navigatio,
877 2792 975 2850 musice,
985 2792 1076 2852 poesis,
1085 2796 1131 2840 etc.

616 2869 727 2929 Scilicet,
745 2867 801 2931 quia
816 2884 894 2916 recens
906 2872 942 2915 est
955 2867 1006 2928 ipse
1019 2864 1132 2926 mundus,

616 2960 658 2993 nec
669 2945 700 2992 eb
712 2949 798 2992 seterno
809 2942 861 2990 luit.
872 2942 982 2991 Lactant.
991 2941 1036 2998 111,
1047 2941 1086 2989 16.
1100 2939 1131 2990 F.

615 3022 747 3068 -Snnrma
756 3019 841 3067 munds*
847 3034 858 3076 ,·
865 3018 927 3079 quod
938 3024 1015 3066 noster
1023 3017 1134 3064 irnnsenss‘

615 3112 734 3144 metensem
756 3095 867 3145 renituit
887 3096 1012 3156 superins,
1037 3092 1068 3142 nd
1090 3093 1132 3155 11,

619 3173 690 3235 1095.
708 3171 780 3220 Wak.
1184 3232 1185 3236 Ἰ

650 3249 708 3296 332.
728 3250 827 3296 Natura
840 3246 924 3294 mnndi
935 3252 979 3294 est.
999 3245 1040 3294 Sic
1051 3243 1133 3305 optimi

615 3325 707 3374 codices
718 3342 724 3373 z
735 3323 841 3374 hodierni
851 3330 927 3373 ternen
938 3330 1078 3373 correctores
1088 3338 1133 3370 nn·

614 3400 710 3449 ducnlns
724 3417 806 3450 munus
820 3401 955 3463 injecerunt,
967 3398 1036 3449 etsie
1051 3397 1080 3447 ed
1096 3414 1134 3445 sr-

614 3467 709 3516 bitrinrn
723 3472 866 3530 scripsetunt
877 3483 983 3516 eersnm:
994 3467 1088 3515 Netum
1097 3469 1133 3512 est

614 3544 720 3592 mnndi:
741 3544 914 3606 exquisitionem
937 3544 1130 3593 constructionem

614 3619 697 3668 callere
709 3626 851 3681 nequeuntes
868 3619 978 3680 phraseos
993 3634 1073 3666 recem
1086 3631 1131 3663 ne·

614 3698 678 3749 tura,
691 3694 715 3743 in
729 3701 795 3743 sexto
808 3694 913 3741 nimirum
928 3709 998 3750 men,
1019 3692 1130 3754 praeposi·

614 3769 676 3818 tione
689 3769 856 3826 subintellecta,
867 3785 937 3830 qutun
951 3768 976 3816 in
989 3768 1056 3829 periti
1068 3767 1132 3817 locu·

613 3845 675 3894 tione
694 3847 793 3906 positam
808 3845 889 3893 rnnlnit
906 3844 942 3892 M.
964 3843 1073 3904 Tullius,
1092 3845 1130 3893 De

613 3920 671 3969 Nst.
686 3922 755 3970 Deor.
779 3883 833 3986 lll,
849 3920 862 3966 ⁵
878 3935 884 3967 ε
900 3933 980 3978 «quos
998 3917 1128 3980 Homerus,

613 3995 741 4055 quirccens
749 3995 779 4043 nb
790 3995 879 4042 illurnrn
887 3998 957 4040 oetnte
965 3990 1018 4051 fnit,
1027 3993 1131 4054 sepultos

613 4087 665 4120 esse
673 4071 731 4120 dicit
739 4069 906 4118 Lacedaemone.
916 4091 936 4116 n.
952 4064 1022 4116 Wnlr.

648 4147 707 4203 334.
730 4146 872 4206 sanescunt.
894 4143 977 4192 Oratio
1002 4148 1076 4204 poetes
1093 4145 1132 4206 jn-

614 4221 659 4271 stis
668 4220 780 4281 gradibus
793 4219 926 4280 assurgitis
936 4234 1067 4280 progressu.
1082 4220 1135 4271 Ites

614 4293 774 4356 amnentur,
791 4311 844 4355 qum
865 4294 1022 4342 maturitatem
1038 4294 1131 4355 quidem

614 4388 679 4420 sunm
690 4371 819 4433 attigerint,
833 4369 875 4420 sed
885 4376 981 4419 ornntus
992 4370 1132 4431 exquisitio·

614 4448 646 4496 ris
668 4447 808 4509 indigeant:
827 4452 958 4508 augescunt
977 4451 1054 4494 nutem
1074 4463 1126 4505 res,

522 4555 526 4563 .
588 4519 601 4544 s
614 4524 700 4585 quibus
711 4529 770 4573 setus
789 4523 869 4573 ednltn
886 4529 910 4571 et
927 4521 1061 4583 magnitudo
1077 4539 1130 4574 rere

614 4597 715 4649 nondum
725 4599 871 4662 contigerint.
889 4594 961 4648 Wak.
