2610 5266
10 39 1240 389 u

321 435 333 447 Μ

747 490 754 502 .
1156 477 1160 489 l

281 866 344 968 nn
367 894 533 970 unaun
555 878 747 971 uiuunt
770 878 856 970 niu.
881 899 925 970 v.
1043 848 1053 857 ‘⁴
1093 910 1139 991 η

109 1020 293 1112 Praeterea,
308 1013 561 1117 quaequomque¹
568 1036 708 1092 manent
721 1034 861 1112 aeterna,
874 1046 1048 1122 necessum
1061 1032 1129 1111 est,

58 1135 141 1221 Aut,
157 1134 237 1227 quia
252 1147 332 1202 sunt
350 1131 456 1202 solido
471 1156 549 1204 cum
566 1157 723 1229 corpore,
740 1156 897 1230 respuere
911 1136 1016 1224 ictus,

14 1283 17 1286 ⁴
58 1246 131 1316 Nec
146 1257 321 1338 penetrare
338 1245 408 1339 pati
424 1243 487 1313 sibi
505 1243 703 1340 quidquam,
720 1244 812 1341 quod
830 1260 933 1340 queat
948 1258 1058 1317 arctas

60 1355 251 1425 Dissociare
271 1356 363 1424 intus
379 1357 522 1450 parteis3
539 1369 579 1424 ut
593 1357 746 1426 materiai
1101 1374 1141 1419 εει

60 1471 213 1563 Corpora
232 1482 323 1556 sunt,
341 1492 488 1563 quorum
509 1483 665 1538 naturam
687 1468 895 1539 dstendimus
915 1480 1018 1538 aute:

58 1580 131 1650 Aut
148 1578 223 1648 ideo
241 1578 364 1649 durare
382 1593 513 1650 aetatem
533 1602 632 1675 posse
648 1604 708 1676 per
726 1604 879 1667 omnem,

59 1689 242 1785 Plagarum
262 1693 342 1786 quia
363 1706 442 1761 sunt
460 1691 625 1787 expertia,
645 1693 733 1762 siout
749 1693 849 1762 inane
868 1703 936 1781 est,

60 1801 165 1893 Quod
184 1816 299 1872 manet
316 1803 494 1892 intactum,
515 1827 624 1898 noque
640 1804 682 1873 ab
700 1805 770 1874 iotu
784 1803 942 1899 fungitur
959 1798 1091 1873 hilum:
1182 1825 1185 1830 ·

60 1917 132 1985 Aut
150 1916 266 2002 etiam,
281 1916 361 2009 quia
376 1913 470 1984 nulla
487 1912 552 1984 loci
571 1914 616 1984 sit
634 1916 732 2010 copia
752 1917 899 2004 circum,
1006 1952 1011 1958 ·
1103 1932 1143 1975 uo
1173 1970 1176 1978 .

61 2026 144 2114 Quo
161 2026 257 2120 quasi
274 2049 327 2095 res
344 2026 475 2121 possint
492 2021 663 2096 discedere
684 2024 907 2121 dissonique,

61 2137 159 2207 Sicut
179 2160 387 2206 summarum
406 2159 538 2207 summa
555 2147 607 2206 est
624 2150 766 2225 aeterna,
784 2160 896 2231 neque
913 2147 1008 2206 extra

62 2249 134 2337 Qui
153 2246 247 2317 locus
265 2262 333 2334 ost,
349 2273 417 2343 quo
435 2242 598 2318 dissiliant
614 2276 622 2317 ε
639 2273 749 2343 neque
764 2274 907 2344 corpora
928 2260 1027 2338 suut,
1045 2272 1120 2347 quoe

62 2361 197 2429 Possint
217 2359 382 2448 incidere,
400 2374 434 2429 et
451 2359 564 2429 valida
585 2358 765 2430 dissolvere
783 2359 910 2456 plaga.-

61 2473 108 2540 At
124 2494 249 2566 neque,
269 2472 318 2539 uti
335 2469 455 2558 docui,
473 2469 581 2541 solido
598 2496 677 2540 cum
695 2497 839 2568 corpore
862 2471 980 2541 mundi
1103 2491 1142 2534 ³⁶⁵

62 2582 194 2653 Natura
214 2596 281 2669 est,
300 2584 462 2677 quoniam
479 2582 666 2653 admixtum
683 2580 784 2654 estin
803 2584 904 2655 rebus
921 2584 1036 2672 inane;

61 2696 135 2765 Nec
149 2707 262 2763 tamen
278 2708 381 2763 estut
395 2695 509 2782 inaue;
525 2713 635 2791 neque
651 2711 764 2765 autern
783 2721 925 2793 corpora
945 2695 1086 2787 desunt,

62 2808 113 2877 Ex
128 2803 261 2874 infinito
281 2830 357 2901 quae
371 2807 502 2901 possint
520 2806 610 2876 forte
629 2821 746 2877 coorta

64 2919 234 2987 Corruere
251 2916 339 2986 hanc
360 2939 475 2986 rerum
492 2916 643 2986 violento
661 2918 801 2988 turbine
819 2940 1007 3009 summam,

62 3030 134 3097 Aut
154 3024 254 3097 aliam
270 3028 424 3123 quamvis
441 3026 571 3097 cladem
591 3028 776 3124 importare
795 3028 934 3124 pericli:
1107 3047 1147 3104 ³2⁰

63 3141 136 3210 Nec
153 3162 257 3233 porro
274 3153 396 3209 natura
416 3137 502 3228 loci,
522 3141 737 3235 spatiumque
753 3140 946 3235 profundi,

64 3248 208 3339 Deficit,
225 3250 376 3345 exspergi
392 3275 462 3345 quo
481 3251 612 3345 possint
632 3252 757 3321 moenia
775 3249 915 3340 muudi;

63 3364 135 3431 Aut
150 3360 215 3431 alia
229 3341 348 3456 quavis
365 3375 508 3457 possunt
526 3363 560 3431 vi
577 3360 673 3456 pulsa
690 3364 812 3457 perire.

64 3471 163 3544 Haud
183 3472 287 3569 igitur
308 3473 366 3542 leti
386 3472 548 3569 praeolusa
568 3488 617 3543 est
631 3475 737 3568 janua
755 3473 860 3562 coelo,

100 3634 157 3685 352.
168 3634 292 3684 Praetoreo
300 3651 477 3699 quaequomque,
483 3638 528 3685 etc.
534 3635 579 3684 llis
624 3636 735 3685 sermonis
749 3637 882 3686 varietatem
896 3636 1025 3698 exspatiari
1041 3636 1145 3687 acerbis-

66 3710 579 3775 apvss.eodemutiturargumeutoadrersus
625 3711 683 3759 sime
705 3716 817 3761 vetarent.
831 3702 956 3761 'comare
977 3717 1070 3774 autem,
1094 3729 1145 3760 una

66 3785 145 3834 muudi
165 3786 378 3847 immortalitatem,
390 3802 435 3849 quo
453 3802 509 3835 usus
530 3791 581 3836 erut
625 3801 711 3845 ruera,
737 3786 771 3835 rel
786 3792 957 3846 prosternun-
976 3787 1012 3835 uti
1031 3801 1076 3833 vox
1099 3786 1146 3834 ista

64 3861 111 3925 Ill,
121 3862 168 3911 sos
180 3866 204 3910 et
215 3879 267 3924 sqq.
279 3860 389 3912 adversus
398 3863 526 3910 animarum
537 3863 580 3911 im·
626 3853 712 3915 saepius
729 3853 805 3902 active
821 3853 879 3903 solet
894 3852 998 3906 adhiberi
1011 3889 1019 3914 ,
1033 3851 1096 3913 quod
1116 3869 1146 3901 ue

66 3936 237 3988 mortalitatem.
255 3937 328 3986 Immo
339 3937 365 3987 hi
383 3940 415 3986 23
430 3954 477 3987 sss.
493 3938 582 4000 priores
629 3929 694 3990 Ρΰθῐῐ
707 3929 799 3990 quidem
811 3931 935 3978 ”emittit
950 3926 1090 3990 ts·12²73·
1106 3924 1146 3975 W·

65 4014 135 4063 iidem
148 4010 424 4075 hiorepetrmtur-F.-
437 4013 499 4062 Vide
511 4012 582 4074 igitur
665 4007 722 4063 37⁰·
752 4006 850 4054 Cladem
870 4003 963 4065 pen'olr'.
988 4003 1041 4051 Hoc
1058 3998 1147 4050 (licium

66 4105 120 4152 quas
126 4085 289 4138 illicntluotata
298 4093 362 4145 sunt,
369 4093 393 4138 et
401 4088 495 4139 consule
503 4095 582 4138 uotam
631 4084 668 4129 est
679 4096 722 4142 pro
739 4080 855 4142 periclum
863 4073 1064 4142 perniciale,·'vel
1079 4079 1147 4139 peri·

67 4162 188 4228 Porbigeri
208 4165 231 4213 iu
252 4165 321 4227 Disq.
346 4181 394 4214 aar.
419 4165 450 4214 ud
478 4165 583 4215 eumdem
632 4155 704 4214 ctum,
721 4156 782 4219 quod
792 4157 883 4205 cladem
896 4153 1067 4216 affert-Wak-

67 4241 152 4292 locum.
668 4232 725 4293 ³73.
742 4232 865 4282 Possunt:
882 4231 918 4281 aio
929 4230 1047 4280 verissime
1063 4228 1096 4288 L.
1110 4228 1148 4289 M,

102 4316 159 4383 369.
170 4316 291 4365 Comere.
301 4314 410 4365 Editores
421 4321 501 4366 eontra
510 4314 582 4366 ldsros
633 4312 664 4372 0,
674 4314 707 4369 n;
720 4310 811 4373 reliqui,
817 4309 912 4371 possint
917 4326 928 4368 ;
937 4308 1005 4381 qussi
1016 4302 1124 4355 nimirum
1134 4318 1149 4353 ι

67 4391 204 4457 universos,
218 4394 352 4449 Proruere,
373 4393 488 4441 temeritas
505 4407 582 4440 vocem
634 4400 679 4449 quo
701 4390 818 4448 preeunte
834 4386 926 4434 verbum
945 4381 1070 4447 penderat
1081 4376 1152 4461 quud

67 4469 210 4517 iuoulrautes
227 4468 258 4517 ab
274 4468 328 4532 lll,
351 4469 413 4526 ssa,
429 4468 581 4530 arcessitum,
634 4463 697 4513 riullo
708 4459 848 4523 modopoetn
860 4461 932 4511 soluit
942 4477 949 4508 r
960 4456 1154 4519 mmmm&
1203 4478 1234 4533 ···

67 4544 137 4608 qnasi
146 4542 266 4607 eujusdam
274 4541 419 4592 necessitatis
429 4540 518 4604 legibus
527 4559 583 4605 poe·
634 4546 692 4588 aaut
698 4538 771 4600 pulsa
784 4537 911 4599 respiciunt
922 4532 998 4586 orariis
1011 4494 1240 4603 uutsttflgjff

69 4624 95 4670 ts
112 4618 321 4682 mutuamur,
340 4628 393 4680 quo
414 4616 584 4682 inelegantem
636 4614 721 4679 quibus
734 4615 757 4665 iu
770 4612 955 4677 vss.352,3tt,
969 4584 1184 4674 stum&
