2610 5266
86 346 109 420 8
416 344 459 416 Τ.
483 342 702 415 Lucrum
726 342 837 415 CARI

83 468 267 567 Expediam
282 459 351 565 qur
370 467 403 537 vi
419 465 533 539 flectet
550 467 681 539 Natura
701 466 915 562 gubernans:

84 589 138 659 Ne
156 586 244 656 sorte
264 586 335 656 haec
351 586 445 667 inter,
457 583 579 657 eoelum
598 599 792 680 terramque
805 610 942 656 reamur

83 700 209 772 Libera
226 713 346 793 sponte
365 722 565 774 sua.cursus
585 695 729 769 lustrare
746 697 938 794 perenneis,
1154 723 1178 765 ε.

82 810 256 904 Morigera
271 808 314 880 ad
332 811 447 906 fruges
462 800 632 904 eugeridas
651 824 755 903 etque
772 808 992 878 anirnauteis:

82 924 176 995 Neve
196 919 310 1017 aliqua
326 922 451 992 Divom
466 918 556 991 volvi
574 923 705 991 ratione
723 935 892 1016 putemus.

78 1035 171 1106 Nam
187 1032 273 1102 bene
291 1034 371 1127 quei
389 1033 535 1105 didicere
551 1037 642 1106 Deos
658 1058 814 1106 securum
832 1056 931 1129 agere
947 1055 1084 1121 aevom,

82 1151 116 1222 Si
135 1163 248 1218 temen
268 1149 396 1219 interea
412 1151 592 1238 mirantur,
610 1175 678 1245 qua
692 1150 824 1219 tutione

82 1263 237 1353 Quaeque
253 1260 323 1356 geri
341 1263 487 1356 possint,
501 1263 685 1358 presertim
703 1262 802 1332 rebus
817 1260 852 1331 in
868 1259 961 1346 ollis,
1152 1287 1177 1328 es

82 1376 168 1465 Quae
186 1397 289 1469 supra
305 1387 408 1469 caput
425 1372 571 1444 aetheriis
590 1389 776 1444 cernuntur
793 1373 829 1444 in
847 1375 933 1462 oris3

82 1489 212 1557 Rursus
233 1487 268 1555 iu
287 1488 442 1581 antiquus
463 1486 658 1556 referuntur
676 1485 872 1582 religiones,

80 1601 126 1670 Et
139 1597 295 1669 dominos
311 1599 416 1669 aereis
434 1598 642 1686 adsciscunt,
661 1600 777 1669 omnia
796 1622 892 1693 posse

82 1711 179 1800 Quos
197 1710 327 1784 miserei
343 1710 485 1781 credunt
501 1737 509 1782 ε
525 1710 668 1807 ignarei,
686 1709 768 1806 quid
787 1723 889 1805 queat
904 1733 991 1798 esse,

81 1821 175 1912 Quid
192 1838 354 1917 nequeat3
374 1822 469 1893 finita
487 1837 636 1918 potestus
653 1821 798 1919 denique
815 1820 964 1916 quoique
1152 1855 1180 1897 ,ο

81 1935 240 2024 Quanam
257 1936 301 2005 sit
316 1934 469 2021 ratione,
485 1948 588 2029 atque
604 1932 671 2004 alte
689 1934 854 2003 terminus
871 1931 1013 2002 haerens.

131 2043 235 2135 Quod
252 2059 422 2140 superest,
437 2070 481 2114 ne
498 2059 530 2115 te
546 2046 583 2113 in
601 2046 773 2140 promissis
792 2042 890 2140 plura
908 2066 1110 2135 moremur,

82 2155 255 2251 Principio
277 2156 402 2245 maria,
420 2181 460 2226 ac
483 2170 609 2245 terras,
630 2155 821 2252 eoelumque
840 2168 959 2224 tuere:

83 2266 242 2356 Quorum
260 2280 416 2337 naturam
433 2266 617 2363 triplicem,
633 2267 698 2337 trie
714 2264 1045 2362 corpora‚›Memmi,

84 2376 179 2445 Treis
198 2377 322 2471 speeies
341 2391 410 2447 tem
428 2376 634 2468 dissimileis,
651 2380 718 2449 trie
734 2377 815 2449 talia
834 2392 945 2466 texte,
1152 2405 1179 2460 ,s

84 2488 165 2556 Una
182 2483 252 2556 dies
271 2486 364 2558 debit
380 2489 501 2578 exiti03
520 2488 714 2586 multosque
732 2515 792 2586 per
809 2514 918 2559 annos

78 2599 295 2688 Sustentata,
312 2614 387 2670 ruet
405 2597 509 2671 moles
525 2617 560 2673 et
574 2603 731 2673 maehina
749 2600 881 2671 mundi.
946 2689 951 2711 ι

104 2794 161 2854 78.
193 2791 296 2844 Fleetat.
324 2793 437 2855 rigarat·
453 2794 547 2858 ontio,
570 2793 602 2843 eb
652 2809 716 2843 veros
727 2794 804 2856 uene,
817 2807 877 2853 quos
886 2792 963 2842 miseri
975 2794 1093 2854 metuent,
1101 2799 1179 2856 etque

83 2868 235 2930 aurigatiouis
251 2873 301 2918 erte
320 2867 431 2919 derivate.
446 2867 518 2920 Wek.
652 2869 726 2931 ignari
747 2885 822 2918 rerum
841 2868 938 2918 odorent
959 2873 1070 2929 tauquam
1093 2885 1177 2920 rerum

116 2960 157 3007 79.
170 2947 235 2994 Hoec.
248 2945 332 2995 Lemo
342 2947 416 3008 behe;
434 2946 518 3008 supple
529 2945 601 2996 solem
650 2951 768 3002 auctorem
783 2946 821 3003 ΙΙ,
835 2959 907 3007 ¹09¹·

85 3018 278 3085 etluuem.Alii,
291 3019 340 3070 hie.
685 3038 724 3083 9⁰·
747 3020 811 3077 Quid
827 3025 945 3081 nequeat,
965 3023 1011 3067 etc.
1032 3018 1065 3066 ni
1086 3035 1101 3066 2
1122 3037 1176 3072 res,

121 3094 159 3143 80.
175 3094 265 3155 Sponte
278 3113 323 3144 rua
331 3129 340 3153 ,
351 3101 397 3147 ete.
414 3096 447 3145 Η.
461 3112 481 3145 e.
503 3095 534 3144 ed
550 3096 603 3146 libi·
651 3096 722 3158 positi
736 3099 791 3144 sunt
803 3111 874 3156 supra
886 3095 911 3153 1,
925 3110 966 3156 77.

86 3174 137 3218 tum
154 3171 263 3232 spatieri,
281 3172 365 3221 moveri
376 3189 382 3219 ι
393 3173 476 3221 Horat.
485 3172 564 3233 Epist.
574 3173 601 3232 1,
683 3189 724 3236 9²·
745 3172 813 3229 Quod
827 3175 950 3232 superest,
965 3178 1010 3218 ete.
1031 3168 1077 3217 His
1090 3171 1108 3217 6
1123 3188 1175 3221 sss.

89 3261 127 3305 ια,
141 3262 179 3308 17·
191 3274 225 3283 —
239 3247 379 3298 Perenneir.
398 3249 427 3296 lu
442 3247 486 3297 hec
502 3248 603 3297 dictione
648 3248 742 3310 jamjam
755 3246 854 3295 conserit
865 3261 947 3293 munus
959 3245 1042 3303 Poeta,
1055 3243 1175 3306 jubetque

84 3323 183 3371 vertitur
195 3323 326 3384 tegumenti
338 3323 409 3372 totius
419 3322 507 3373 cerdo:
523 3323 603 3373 ridere
650 3324 784 3374 Memtnium
802 3321 923 3370 observare
945 3319 1051 3381 inprimis
1074 3324 1174 3383 terres,

83 3396 157 3458 infre,
179 3415 215 3448 rs.
224 3401 265 3462 9⁶·
277 3397 348 3450 Wat.
651 3399 735 3448 eoeium
745 3434 752 3460 ‚
764 3413 792 3446 ee
805 3411 883 3458 mem
899 3411 952 3456 quae
961 3394 1011 3443 dies
1021 3409 1067 3441 una
1077 3396 1175 3458 integro

120 3477 160 3523 81.
181 3475 311 3539 Μονίμη,
325 3477 485 3538 obsequentis,
499 3492 603 3527 resero
650 3474 717 3524 debit
737 3473 815 3522 exitio.
836 3472 919 3531 ltaque
936 3470 967 3519 eb
988 3469 1010 3518 h.
1029 3485 1064 3517 rs.
1082 3485 1117 3530 9²
1140 3472 1173 3521 ed

86 3550 268 3610 oommodentie,
278 3558 342 3614 apta.
651 3566 686 3600 vs.
700 3551 746 3607 418
761 3548 973 3615 disputaturusest
988 3545 1072 3592 acriter
1094 3544 1176 3597 Poeta

121 3623 308 3685 83.Nambene,
322 3627 603 3692 ete.Hi9rrs.iterentur
650 3625 680 3676 de
692 3625 771 3674 mundi
785 3625 859 3687 primo
869 3627 961 3684 exortu,
973 3627 997 3670 et
1014 3619 1120 3682 ejusdem
1134 3623 1175 3674 su·

86 3699 136 3760 Vl,
148 3701 189 3760 58,
201 3707 285 3763 eteqq.
297 3702 337 3753 Cf.
346 3702 371 3762 1,
381 3705 423 3765 57,
432 3709 456 3753 et
465 3720 517 3765 sqq.
530 3710 554 3752 et
562 3705 602 3764 ll,
651 3706 703 3750 turo
716 3700 820 3748 interitu.
837 3696 868 3745 F.

86 3775 136 3833 646
149 3780 173 3824 et
182 3791 234 3836 sqq.
244 3803 277 3814 -
286 3775 405 3827 Didicere.
417 3778 501 3828 Horat.
516 3778 600 3828 Nostri
683 3777 724 3840 96.
742 3773 818 3822 Dabit
829 3774 910 3822 exitio.
931 3772 971 3821 Sir
982 3772 1043 3822 iuste
1055 3788 1091 3820 rr.
1106 3778 1160 3839 998
1172 3812 1180 3827 .

85 3851 601 3917 moesis1‚5,101:·‹1tmqueueos
649 3851 686 3904 Cf.
699 3852 730 3911 11,
748 3851 820 3907 1145.

86 3923 157 3974 didici
170 3941 275 3974 securum
287 3943 354 3988 egere
363 3943 436 3976 rerum
444 3952 464 3978 n.
681 3944 722 3991 97.
737 3925 813 3975 Moles
832 3930 855 3972 et
873 3921 984 3972 maehina
1000 3922 1093 3974 mundi.
1108 3925 1174 3978 Haec

84 4034 89 4042 .
122 4001 163 4050 85.
179 4001 316 4063 Geridieri,
330 4001 502 4067 administrari,
516 4003 584 4054 utel.
649 4018 692 4066 per
706 4000 840 4062 heedyedeu
860 3999 923 4049 diets
941 4005 1011 4061 sunt,
1035 4016 1077 4062 pro
1092 4002 1171 4054 moles

122 4077 163 4132 88·
175 4075 291 4131 Demiror
300 4080 384 4132 aereis.
396 4079 514 4144 Superos
524 4093 553 4133 re
563 4095 603 4134 re·
651 4074 766 4128 machine
784 4075 917 4141 mendane.
929 4074 1004 4134 wo„

20 4554 425 4848 1«
