2610 5266
273 842 523 954 ornanum
548 863 733 950 aarum
759 864 844 940 sno.
868 873 911 943 v.
1093 871 1139 948 33

10 1036 21 1100 ἦ
56 994 200 1063 seorsus
221 990 302 1060 item
321 991 419 1086 purei
439 993 644 1086 secreteique
660 991 792 1064 retheris
811 996 917 1090 ignes.
1034 1086 1038 1097 ς

105 1105 244 1200 Quippe
263 1105 386 1173 etenim
405 1103 552 1199 primum
570 1105 672 1173 terrai
689 1129 834 1199 corpora
848 1132 1012 1202 quasque,
1102 1138 1145 1186 ss·

55 1218 238 1312 Propterea
255 1215 349 1312 quod
366 1229 470 1284 eraut·
483 1216 596 1309 gravia
614 1231 648 1285 et
666 1217 846 1312 perplexa,
866 1221 1004 1292 coibant

58 1330 99 1399 Iu
120 1327 250 1415 medio,
265 1343 367 1422 atque
384 1329 467 1396 imas
489 1327 667 1421 capiebant
687 1329 800 1397 omnia
816 1329 942 1403 sedeis:

58 1439 158 1529 Quae,
178 1453 308 1534 quanto
327 1439 433 1533 magis
450 1438 538 1506 inter
554 1463 590 1507 se
609 1437 767 1534 perplexa
788 1441 942 1529 coibant,

56 1551 141 1620 Tam
158 1553 264 1647 iringis
281 1574 472 1644 expressere
489 1574 546 1638 ea,
569 1575 644 1645 quae
664 1576 776 1640 mare,
791 1552 917 1642 sidera,
936 1554 1061 1650 solem,

57 1663 261 1756 Lunamque
277 1662 465 1748 efficerent,
483 1676 515 1731 et
533 1663 648 1757 magni
665 1665 788 1733 moenia
804 1665 935 1736 mundi.
1106 1687 1147 1737 os

58 1775 184 1842 Omnia
200 1775 292 1842 enim
309 1775 414 1868 magis
431 1773 534 1843 haece
552 1770 689 1843 laevibus
707 1789 812 1869 atque
828 1775 985 1848 rotundis

58 1885 263 1973 Seminibus,
280 1883 457 1979 multoque
473 1882 657 1982 minoribu’a
674 1899 755 1954 sunt
772 1885 963 1977 elementis,

59 1997 174 2085 Quam
195 1995 293 2066 tellus
313 2022 320 2065 :
341 1995 417 2065 ideo
438 2020 498 2091 per
519 2019 594 2063 rara
615 1995 782 2065 foramina
801 2010 899 2067 terro

50 2108 219 2177 'Partibus
238 2132 435 2201 erumpens,
452 2108 582 2202 primus
599 2132 634 2176 se
653 2107 790 2179 sustulit
809 2110 915 2180 aether

22 2297 26 2305 ,
59 2217 203 2313 ignifer,
222 2214 254 2288 et
273 2217 399 2288 multos
417 2241 531 2287 secum
551 2215 632 2287 levis
649 2217 789 2288 abstulit
807 2220 931 2313 igneis:
1112 2239 1153 2287 tto

60 2330 143 2400 Nou
162 2328 226 2398 alin
243 2327 345 2424 longe
362 2328 513 2418 ratione,·
527 2352 567 2397 ac
584 2352 672 2424 saepe
690 2328 863 2421 videmus,

42 2544 45 2548 ⁴
63 2553 112 2598 lem
124 2546 205 2597 melius
219 2548 309 2610 aperiet
318 2547 414 2598 (bilius
424 2585 432 2612 ,
444 2549 468 2597 in
483 2548 543 2599 Met.
556 2547 584 2611 l,
634 2548 754 2610 pn'mendo
770 2548 887 2612 effinxere,
901 2549 1041 2614 formarem
1055 2553 1151 2604 soeietis

10 2686 19 2695 .
61 2626 111 2672 36:
123 2647 135 2666 ιι
143 2624 204 2672 Tum
215 2621 274 2671 treta
286 2623 393 2682 disjuncti
400 2646 420 2671 u.
432 2623 509 2673 wat.
627 2625 801 2685 *quodammodo
819 2628 929 2688 primasio
945 2643 1016 2676 senso
1029 2632 1054 2677 et
1067 2644 1152 2679 secun·

97 2705 156 2762 4⁴9·
174 2697 275 2746 Seoreue
291 2699 358 2748 item.
381 2696 584 2748 Constructionem
632 2697 714 2749 derio:
727 2717 798 2760 nam,
820 2703 911 2762 quoties
931 2702 1151 2770 noluissetque,

58 2790 142 2824 serem
162 2774 282 2822 verborum
296 2775 332 2822 sie
349 2773 497 2823 evolvendum
512 2783 583 2834 atque
632 2780 727 2836 propter
747 2775 912 2824 mollitudinem
934 2775 1035 2825 faciliter
1052 2779 1151 2843 cedens,

59 2847 236 2898 edisserendum
260 2863 312 2897 esse
340 2848 473 2897 existimo:
492 2848 583 2908 algares
635 2850 754 2910 pernliem
763 2867 811 2899 rem
823 2851 940 2913 trudetur,
950 2851 985 2900 rel
998 2852 1107 2902 allidatur
1116 2857 1151 2922 si,

58 2925 135 2986 item,
145 2923 185 2984 qui
201 2920 258 2971 sacti
270 2928 325 2971 sunt
338 2923 391 2984 puri
404 2940 445 2985 per
455 2923 585 2984 separatio·
634 2923 806 2973 similitudinem
823 2925 873 2988 rei,
888 2941 1006 2987 perquem
1016 2928 1151 2992 compulsu,

59 3018 116 3050 nem
146 3015 212 3048 suem
241 2999 272 3048 eb
300 3015 374 3048 rerum
396 3000 585 3049 conturbatorem
634 3000 669 3048 rel
684 3001 722 3049 eui
735 3001 801 3050 allisa
813 3003 974 3061 sit‚neneisci
983 3002 1050 3053 solet.
1064 3002 1137 3053 Wat.

59 3076 134 3135 lece,
148 3076 245 3125 seorsim
259 3077 384 3125 eletionem
395 3075 460 3124 nacti
473 3080 529 3123 sunt
539 3108 547 3133 ‚
554 3078 585 3136 et
668 3074 726 3129 45⁸.
744 3073 813 3122 Rara
823 3076 958 3135 foramina,
970 3093 1022 3140 quoe
1031 3082 1087 3126 sunt
1096 3078 1153 3128 vtr-

59 3152 168 3214 id‚quod
179 3150 267 3200 aessrem
278 3167 448 3213 nuncupamus,
459 3156 584 3201 contexue-
633 3147 687 3210 gilio
703 3165 767 3197 eoece
781 3151 944 3211 spiramenta,
966 3151 997 3201 ed
1015 3151 1102 3215 Georg.
1122 3154 1151 3216 Ι,

60 3216 152 3278 ronti.
173 3225 243 3274 Wat.
633 3241 675 3288 9⁰·
696 3223 768 3274 Wak.

101 3304 158 3360 ato.
180 3300 273 3371 Quippe
293 3301 381 3350 etenim
395 3301 519 3363 primam,
535 3305 582 3350 etc.
666 3300 724 3363 459.
740 3299 857 3349 Portibus
867 3318 1000 3363 emmpem.
1013 3302 1041 3352 ld
1054 3308 1150 3369 est‚per

60 3381 113 3432 Hie
130 3381 160 3428 ³1
181 3394 230 3427 rss.
252 3377 355 3439 agitetur
376 3376 407 3425 de
429 3383 482 3426 ortu
502 3382 584 3444 terrae,
633 3381 726 3439 partes,
740 3394 793 3439 quae
804 3379 884 3427 statim
894 3379 991 3428 coirent.
1005 3379 1084 3440 Fnyus
1093 3383 1151 3442 jun·

61 3453 135 3514 omli,
148 3453 221 3516 solie,
234 3452 310 3512 lones,
331 3458 355 3501 et
373 3451 494 3503 siderum·
508 3451 585 3500 Docet
601 3480 604 3487 ,
634 3452 668 3512 git
681 3457 750 3500 tene
764 3451 889 3514 partibus,
904 3453 980 3502 minas
996 3453 1149 3505 benewal.

62 3547 148 3593 nempe
160 3546 209 3592 qua
222 3530 311 3578 ratione
324 3533 404 3577 coorta
416 3529 464 3578 sint
476 3529 527 3577 traec
538 3526 585 3589 pri·
633 3527 751 3589 ingeniose
764 3529 824 3577 satis
842 3529 949 3579 emendat
959 3529 1086 3590 portubus.
1103 3531 1152 3580 Sed

62 3623 130 3658 mum
146 3621 174 3655 ex
194 3605 290 3654 fortuito
306 3610 434 3652 atomorum
452 3620 585 3666 congressu.
633 3603 728 3664 vulgata
739 3619 784 3652 non
795 3604 911 3665 displicet.
930 3605 993 3654 Dum
1007 3606 1068 3673 euim
1082 3612 1149 3656 terreo

63 3681 98 3733 F.
108 3680 213 3730 -Vide
230 3680 300 3741 Disq.
317 3696 366 3728 rer.
633 3678 693 3727 iuter
703 3695 728 3727 se
739 3679 842 3741 coibunt,
855 3680 948 3729 mtlreris
957 3689 1043 3742 portes
1053 3699 1150 3744 expres·

101 3759 160 3818 451.
175 3755 316 3816 Perplexa,
340 3755 447 3815 bemntn,
467 3754 584 3819 implexs3
635 3769 667 3801 sas
677 3755 709 3815 (v.
721 3753 780 3816 454)
788 3758 920 3818 eruperunt,
927 3760 951 3803 et
958 3757 1038 3804 stntim
1047 3757 1071 3804 in
1082 3773 1153 3806 nuum

65 3832 173 3894 ll,101,
186 3833 244 3894 ⁴⁵9·
635 3827 737 3878 collectae
750 3827 802 3875 otta
815 3830 915 3888 petiere,
927 3836 954 3878 ut
964 3831 999 3878 ait
1007 3830 1078 3880 ovid.
1091 3831 1152 3882 Mel.

101 3908 161 3963 452.
181 3904 213 3953 In
226 3903 311 3954 medio.
331 3903 416 3954 Posuit
427 3902 521 3965 quidem
536 3904 586 3955 Ln·
634 3903 691 3963 XV,
715 3905 773 3961 243.
791 3904 853 3952 Vide
871 3920 923 3966 qnae
939 3920 993 3954 mox
1010 3906 1101 3956 Noster
1118 3924 1153 3958 rs.

65 3984 155 4034 cretius
172 3998 225 4031 enm
241 3981 345 4043 Epicuro
363 3985 447 4029 terrum
467 3981 491 4029 in
512 3981 586 4030 modio
636 3982 695 4044 469.
710 3979 759 4032 En.
859 3989 863 4000 ·

65 4059 148 4110 mnndi
161 4077 167 4107 ε
179 4058 221 4107 sed
239 4058 330 4120 negarit
344 4072 396 4105 esse
410 4056 504 4118 aliquod
518 4063 585 4107 terrm
671 4057 727 4112 eoo.
746 4053 847 4116 lanifer.
862 4055 882 4103 1.
901 4070 922 4104 e.
940 4055 1082 4119 ipse‘igoees
1092 4059 1153 4109 mul.

65 4137 182 4196 medinm,
199 4152 240 4184 sen
260 4139 363 4183 reotrnm
381 4131 410 4180 nd
430 4132 491 4194 qnod
509 4135 586 4198 omnia
636 4136 673 4181 tos
694 4129 753 4179 elios
769 4130 835 4191 ignes
857 4129 928 4179 etiem
948 4147 1026 4182 secum
1046 4134 1156 4185 abstulit.

67 4213 148 4276 grevia
161 4209 295 4269 tenderent,
316 4214 343 4258 nt
356 4207 432 4256 fusius
444 4208 585 4271 explicatum
635 4207 694 4256 Haec
702 4212 780 4255 sutem
790 4204 906 4264 scripturn
916 4211 953 4255 est
962 4208 1067 4258 codicum
1078 4210 1151 4260 Vind.

67 4287 155 4338 estid).
166 4286 200 4348 11,
212 4286 255 4334 sub
266 4283 343 4333 linem.
354 4282 385 4332 F.
636 4283 664 4341 L,
673 4282 748 4345 t1,0‚
757 4284 784 4340 Δ,
795 4285 827 4338 11,
836 4285 861 4339 Σ,
871 4285 899 4339 Ω,
910 4286 934 4330 et
942 4284 1094 4344 quorumdam
1103 4286 1156 4334 Pii:

104 4360 229 4418 &Mam
237 4359 360 4422 respondet
367 4377 401 4410 *ro
410 4365 499 4419 quanto
508 4376 590 4409 versus
639 4359 735 4420 reliqui,
749 4360 869 4420 Sipuiser3
883 4359 1044 4420 intempestive
1052 4377 1158 4423 prorsus,

70 4437 238 4501 prteeedeutis3
249 4439 313 4484 etita
323 4438 463 4499 respondent
471 4436 527 4485 elibi
538 4437 590 4497 plus
639 4436 747 4497 quonism
761 4435 791 4483 de
809 4435 907 4483 zodiaco
927 4452 972 4484 non
995 4442 1078 4496 agatur
1097 4452 1159 4485 nunc

69 4514 143 4564 semel
163 4512 201 4562 beo
219 4513 333 4562 dictiones
352 4515 377 4563 in
393 4512 523 4562 Lucretio:
537 4511 591 4562 ride
637 4511 686 4572 jaro
705 4528 711 4558 ε
732 4509 867 4572 progredere
883 4508 915 4559 ed
937 4527 972 4562 rs·
993 4521 1043 4576 699
1063 4511 1160 4576 hujusce

70 4590 116 4652 tv,
127 4591 187 4650 252,
197 4588 464 4653 nim-Expectem·
483 4591 503 4639 1.
515 4605 536 4640 e.
549 4604 591 4640 ex·
640 4587 701 4636 libri.
725 4584 795 4637 Wak.

172 4700 211 4754 tr.
1040 4673 1062 4743 3
